
% RFC for TURN
@misc{rfc5766,
  author="R. Mahy and P. Matthews and J. Rosenberg",
  title="{Traversal Using Relays around NAT (TURN): Relay Extensions to Session Traversal Utilities for NAT (STUN)}",
  series="Request for Comments",
  number="5766",
  howpublished="RFC 5766 (Proposed Standard)",
  publisher="IETF",
  organization="Internet Engineering Task Force",
  year=2010,
  month=apr,
    url="http://www.ietf.org/rfc/rfc5766.txt",
}

% STUN
@misc{rfc5389,
  author="J. Rosenberg and R. Mahy and P. Matthews and D. Wing",
  title="{Session Traversal Utilities for NAT (STUN)}",                                                                                                                                                                      
  series="Request for Comments",
  number="5389",
  howpublished="RFC 5389 (Proposed Standard)",
  publisher="IETF",
  organization="Internet Engineering Task Force",
  year=2008,
  month=oct,
    url="http://www.ietf.org/rfc/rfc5389.txt",
}

% Port Control Protocol - communication with NAT
@misc{rfc6887,                                                                                                                                                                                                               
  author="D. Wing and S. Cheshire and M. Boucadair and R. Penno and P. Selkirk",
  title="{Port Control Protocol (PCP)}",
  series="Request for Comments",
  number="6887",
  howpublished="RFC 6887 (Proposed Standard)",
  publisher="IETF",
  organization="Internet Engineering Task Force",
  year=2013,
  month=apr,
    url="http://www.ietf.org/rfc/rfc6887.txt",
}

% Teredo
@misc{rfc4380,
  author="C. Huitema",
  title="{Teredo: Tunneling IPv6 over UDP through Network Address Translations (NATs)}",                                                                                                                                     
  series="Request for Comments",
  number="4380",
  howpublished="RFC 4380 (Proposed Standard)",
  publisher="IETF",
  organization="Internet Engineering Task Force",
  year=2006,
  month=feb,
    note="Updated by RFCs 5991, 6081",
  url="http://www.ietf.org/rfc/rfc4380.txt",
}

% uPNP
@misc{rfc6970,
  author="M. Boucadair and R. Penno and D. Wing",
  title="{Universal Plug and Play (UPnP) Internet Gateway Device - Port Control Protocol Interworking Function (IGD-PCP IWF)}",                                                                                              
  series="Request for Comments",
  number="6970",
  howpublished="RFC 6970 (Proposed Standard)",
  publisher="IETF",
  organization="Internet Engineering Task Force",
  year=2013,
  month=jul,
    url="http://www.ietf.org/rfc/rfc6970.txt",
}

% ICE
@misc{rfc5245,
  author="J. Rosenberg",
  title="{Interactive Connectivity Establishment (ICE): A Protocol for Network Address Translator (NAT) Traversal for Offer/Answer Protocols}",                                                                              
  series="Request for Comments",
  number="5245",
  howpublished="RFC 5245 (Proposed Standard)",
  publisher="IETF",
  organization="Internet Engineering Task Force",
  year=2010,
  month=apr,
    note="Updated by RFC 6336",
  url="http://www.ietf.org/rfc/rfc5245.txt",
}

% Chineese research
@inproceedings{Wang:2006:RSN:1156422.1156550,
 author = {Wang, Yong and Lu, Zhao and Gu, Junzhong},
 title = {Research on Symmetric NAT Traversal in P2P Applications},
 booktitle = {Proceedings of the International Multi-Conference on Computing in the Global Information Technology},
 series = {ICCGI '06},
 year = {2006},
 isbn = {0-7695-2629-2},
 pages = {59--65},
 url = {http://dx.doi.org/10.1109/ICCGI.2006.20},
 doi = {10.1109/ICCGI.2006.20},
 acmid = {1156550},
 publisher = {IEEE Computer Society},
 address = {Washington, DC, USA},
} 

% Poisson process book
@book{Nelson:1995:PSP:207382,
 author = {Nelson, Randolph},
 title = {Probability, Stochastic Processes, and Queueing Theory: The Mathematics of Computer Performance Modeling},
 year = {1995},
 isbn = {0-384-94452-4},
 publisher = {Springer-Verlag New York, Inc.},
 address = {New York, NY, USA},
} 



